<?xml version="1.0" encoding="UTF-8"?><record xmlns="http://www.loc.gov/MARC21/slim" xmlns:cinclude="http://apache.org/cocoon/include/1.0" xmlns:zs="http://www.loc.gov/zing/srw/">
  <leader>00554cz  a2200145n  4500</leader>
  <controlfield tag="001">n  85243214 </controlfield>
  <controlfield tag="003">DLC</controlfield>
  <controlfield tag="005">20080611075142.0</controlfield>
  <controlfield tag="008">860213n| acannaabn          |a ana      </controlfield>
  <datafield tag="010" ind1=" " ind2=" ">
    <subfield code="a">n  85243214 </subfield>
  </datafield>
  <datafield tag="035" ind1=" " ind2=" ">
    <subfield code="a">(OCoLC)oca01502989</subfield>
  </datafield>
  <datafield tag="040" ind1=" " ind2=" ">
    <subfield code="a">DLC</subfield>
    <subfield code="b">eng</subfield>
    <subfield code="c">DLC</subfield>
    <subfield code="d">DLC</subfield>
    <subfield code="d">OCoLC</subfield>
  </datafield>
  <datafield tag="110" ind1="2" ind2=" ">
    <subfield code="a">Royal Society of Chemistry (Great Britain).</subfield>
    <subfield code="b">Chemical Information Group</subfield>
  </datafield>
  <datafield tag="410" ind1="2" ind2=" ">
    <subfield code="a">Royal Society of Chemistry Chemical Information Group (Great Britain)</subfield>
  </datafield>
  <datafield tag="670" ind1=" " ind2=" ">
    <subfield code="a">Modern approaches to chemical ... c1986:</subfield>
    <subfield code="b">CIP galley (Royal Society of Chemistry Chemical Information Group)</subfield>
  </datafield>
</record>